@online{PSU,
	author = {Eberly College of Science},
	title = {{Bootstrapping Methods}},
	howpublished = {\url{https://online.stat.psu.edu/stat500/lesson/11/11.2/11.2.1}},
	urldate = {2023-09-20}
}

@online{MLM,
	author = {Jason Brownlee},
	title = {{A Gentle Introduction to the Bootstrap Method}},
    year = {2019},
	howpublished = {\url{https://machinelearningmastery.com/a-gentle-introduction-to-the-bootstrap-method/}},
	urldate = {2023-09-20}
}